<?xml version="1.0" encoding="UTF-8"?><collection xmlns="http://www.loc.gov/MARC21/slim"><record><leader>00542nam--2200193-u-4500</leader><controlfield tag="001">000053016</controlfield><controlfield tag="002">20161230</controlfield><controlfield tag="005">20161230201050</controlfield><controlfield tag="008">101221s1000------------r-----000-0-rus-d</controlfield><datafield ind1=" " ind2=" " tag="040"><subfield code="a">IFIN-HH</subfield></datafield><datafield ind1=" " ind2=" " tag="041"><subfield code="a">rus</subfield></datafield><datafield ind1=" " ind2=" " tag="080"><subfield code="a">535.34</subfield></datafield><datafield ind1="1" ind2=" " tag="100"><subfield code="a">Egranov, A.V</subfield></datafield><datafield ind1="1" ind2="0" tag="245"><subfield code="a">Spektroskopia kislorodnih i vodorodnih primesnih tentrov v shcheloceno-galoidnih kristallah</subfield><subfield code="c">A.v. erganov; e.a. radjabov</subfield></datafield><datafield ind1=" " ind2=" " tag="260"><subfield code="a">Novosibirsk</subfield><subfield code="b">Nauka</subfield><subfield code="c">1982</subfield></datafield><datafield ind1=" " ind2=" " tag="300"><subfield code="a">161P</subfield></datafield><datafield ind1="1" ind2=" " tag="700"><subfield code="a">Radjabov, E.A</subfield></datafield><datafield ind1=" " ind2=" " tag="852"><subfield code="a">80361</subfield><subfield code="c">535.33</subfield></datafield><datafield ind1=" " ind2=" " tag="CAT"><subfield code="a">Sys</subfield><subfield code="c">20101221</subfield><subfield code="h">162510</subfield></datafield></record></collection>